2809 4459
348 358 576 425 moniae
617 358 913 422 universe
965 353 1236 419 senserit
1256 353 1684 431 Aristoteles,
1724 343 2097 415 brevissime
2150 345 2438 415 declarat.

350 474 663 542 lib.V111
695 473 892 538 Polit.
929 488 984 537 c.
1010 468 1211 551 5-7,
1255 468 1365 534 ubi
1409 468 1618 551 docet,
1663 469 1900 533 musica
1944 467 2250 531 utendum
2293 488 2433 531 esse

349 591 643 667 παιδείας
685 591 884 657 ἕνεκεν
930 586 1044 655 καὶ
1093 591 1469 674 καθάρσεως,
1525 586 1729 673 τρίτον
1781 585 1852 652 δὲ
1904 574 2057 670 πρὸς
2097 573 2433 672 διαγωγήν,

316 700 502 799 ,πρὸς
544 701 748 774 ἄνεσίν
790 730 861 773 τε
901 703 1016 773 καὶ
1056 697 1209 791 πρὸς
1248 698 1362 792 τὴν
1405 706 1526 790 τῆς
1567 703 1883 780 συντονίας
1931 692 2297 768 ἀνάπαυσιν.

522 823 843 888 Caeterum
885 825 1008 887 hoc
1051 821 1382 908 problema
1427 830 1523 885 est
1566 843 1645 884 ex
1688 842 1953 905 numero
1997 839 2251 900 corum,
2295 838 2437 906 quae

352 941 409 1005 si
472 940 618 1028 quis
671 940 1028 1005 Aristotele
1080 960 1301 1024 parum
1360 937 1553 1022 digna
1608 936 1887 1021 judicet,
1960 935 2255 1022 equidem
2299 958 2433 1001 nou

352 1059 583 1121 acriter
624 1079 1002 1143 repugnem.
1067 1054 1301 1142 Neque
1344 1054 1512 1118 euim
1557 1053 1960 1139 perspicuum
2004 1062 2119 1133 est,
2166 1051 2321 1139 quid
2354 1051 2438 1114 sit

356 1175 533 1260 quod
589 1172 1042 1239 dubitationem
1109 1183 1357 1235 moveat
1422 1179 1487 1234 et
1547 1172 1615 1234 iu
1682 1169 2094 1257 quaestionem
2157 1178 2446 1232 vocetur.-

322 1288 522 1353 -Nam
568 1290 742 1376 quod
771 1287 1104 1375 Septalius
1146 1289 1211 1351 in
1255 1287 1710 1351 commentario
1747 1287 1812 1350 id
1848 1286 2044 1373 quaeri
2080 1285 2437 1364 arbitratur,

359 1406 705 1492 quomodo
734 1406 951 1468 eadem
993 1427 1098 1469 res
1141 1404 1520 1501 (harmonia)
1561 1403 1627 1466 in
1684 1402 2017 1467 contrariis
2062 1401 2254 1466 animi
2295 1423 2438 1488 pel*

359 1520 826 1585 turbationibus
886 1521 1153 1607 (gaudio
1210 1530 1271 1584 et
1327 1520 1532 1598 luctu)
1588 1520 1761 1584 utilis
1817 1541 1958 1583 esse
2016 1519 2254 1606 possit,
2318 1521 2440 1582 boc

358 1657 571 1724 neque
614 1660 692 1701 ex
728 1661 834 1721 eo,
879 1639 1058 1725 quod
1103 1637 1552 1722 interrogatur,
1599 1660 1807 1725 neque
1851 1658 1929 1700 ex
1971 1660 2085 1717 eo,
2129 1636 2310 1723 quod
2345 1657 2441 1698 re·

359 1755 734 1841 spondetur,
779 1753 939 1819 elici,
969 1765 1118 1840 apte
1161 1758 1372 1841 potest
1394 1763 1471 1841 ξ).

1186 2040 1470 2124 Probl.
1533 2044 1621 2123 2.

531 2219 753 2305 Quum
797 2223 930 2284 baec
972 2220 1182 2307 probl.
1239 2222 1438 2284 sectio
1492 2219 1872 2285 inscribatur
1912 2212 2035 2286 ’ὅσα
2077 2212 2217 2305 περὶ
2256 2212 2444 2307 ἅρμο-

361 2338 518 2419 νίαν,
562 2347 626 2400 ct
660 2336 907 2424 reliqua
950 2336 1187 2423 probll.
1212 2337 1276 2399 in
1319 2338 1648 2402 harmonia
1681 2347 2012 2400 versentur
2046 2339 2277 2419 omnia,
2322 2340 2443 2401 hoc
2523 2412 2528 2431 ¹

353 2455 572 2544 'solum
615 2454 683 2516 in
727 2475 916 2532 voce,
981 2453 1383 2517 manifestum
1428 2464 1548 2534 est,
1596 2452 1802 2539 probl.
1848 2453 1998 2515 2¹¹¹·¹¹¹
2052 2455 2116 2517 in
2161 2454 2441 2517 alienum

363 2571 575 2634 locum
624 2579 863 2633 temere
917 2568 1250 2655 irrepsisse
1304 2579 1368 2632 et
1422 2571 1502 2633 ad
1559 2581 1711 2634 sect.
1769 2571 1970 2650 11⁸³
2027 2570 2444 2656 relegandum

365 2708 541 2766 esse,
609 2685 672 2748 in
719 2706 846 2771 qua
887 2693 1270 2766 tractantur,
1337 2708 1479 2772 quae
1536 2687 1618 2749 ad
1660 2708 1883 2750 vocem
1927 2697 1990 2751 et
2032 2710 2257 2751 sonum
2300 2709 2444 2774 pel*

363 2801 585 2865 tinent.
669 2801 948 2868 Videtur
992 2799 1195 2882 cuim,
1240 2811 1310 2864 ut
1334 2801 1478 2885 *jam
1528 2812 1674 2867 ante
1717 2826 1753 2866 a
1799 2803 1981 2866 uobis
2022 2804 2442 2890 significatum

364 2929 481 3001 est,
527 2918 815 3006 quisquis
858 2920 989 2982 baec
1022 2917 1232 3005 probl.
1268 2901 1583 3005 disposuit
1618 2931 1680 2985 et
1714 2920 1780 2982 in
1812 2919 2126 2985 sectiones
2161 2920 2447 3006 digessit,

363 3058 501 3101 rem
543 3036 629 3100 ita
673 3046 1009 3131 tractasse,
1081 3045 1152 3097 ut
1193 3034 1259 3098 in
1304 3032 1446 3100 aliis
1488 3038 1835 3117 haesitarct,
1891 3037 1957 3100 iu
2000 3036 2144 3100 aliis
2184 3047 2443 3127 erraret.

365 3153 685 3219 Sectionis
729 3163 936 3217 autem
985 3153 1156 3218 11¹1·ae
1197 3152 1412 3239 probl.
1456 3151 1655 3216 52⁶⁸*
1696 3176 1840 3217 cum
1881 3154 2006 3217 hoc
2049 3153 2446 3240 problemate

367 3292 659 3356 pugnare
718 3270 917 3334 videri
971 3278 1182 3356 potest
1238 3264 1318 3331 et'
1355 3288 1427 3332 re
1479 3291 1628 3332 vera
1681 3270 1884 3335 visum
1948 3280 2045 3334 est
2097 3269 2447 3334 nonnullis.

368 3385 503 3450 Sed
566 3408 638 3449 re
702 3386 1056 3451 accuratius
1120 3394 1458 3471 perspecta
1526 3385 1914 3469 invenimuS,
1981 3388 2136 3474 quid
2179 3385 2446 3451 intersit.

369 3501 619 3587 Quaerit
674 3504 734 3565 h.
778 3502 822 3564 l.
865 3500 1252 3566 Aristoteles
1306 3523 1421 3564 cur
1476 3502 1758 3586 ejusdem
1813 3503 2087 3570 hominis
2128 3526 2258 3568 vox
2300 3524 2448 3568 cum

368 3618 513 3682 aliis
563 3617 894 3682 clamantis
938 3617 1040 3681 vel
1084 3618 1365 3682 canentis
1410 3619 1667 3705 longius
1710 3622 2111 3702 exaudiatur,
2156 3640 2347 3707 quam
2390 3619 2447 3682 si

370 3745 580 3801 cantet
630 3734 827 3798 solus,
909 3733 1323 3821 Respondet,
1389 3757 1610 3802 vocem
1655 3731 1920 3803 aliarum
1974 3748 2202 3804 vocum
2260 3735 2334 3803 vi-
2384 3746 2451 3799 et
2501 3802 2528 3814 ,

373 3996 383 4003 ·
422 3980 475 4048 ²)
506 3980 655 4035 Gaza
691 3998 918 4055 quoque
961 3983 1161 4038 vertiti
1197 3978 1311 4037 tam
1343 3986 1408 4040 in
1441 3985 1784 4050 laborando,
1820 4002 1989 4058 quam
2021 3987 2085 4041 iu
2120 3983 2410 4040 fruenda·
2509 4031 2516 4035 .
